---
---

@String { icra   = {IEEE International Conference on Robotics and Automation}}
@String { iros   = {IEEE/RSJ International Conference on Intelligent Robots and Systems}}
@String { iral   = {IEEE Robotics and Automation Letters}}

@inproceedings{chamzas2022-motionbenchmaker,
  abstract = {todo},
  author = {Chamzas, Constantinos and Kingston, Zachary and Quintero-Pe{\~n}a, Carlos and Orthey, Andreas and Rakita, Daniel and Gleicher, Michael and Toussaint, Marc and E. Kavraki, Lydia},
  booktitle = iral, 
  title = {{MotionBenchMaker: A Tool to Generate and Benchmark Motion Planning Datasets}},
  note ={(Accepted)}, 
  year = {2022},
  pdf={todo.pdf}, 
  abbr={RAL},
  bibtex_show={true}
}

@inproceedings{chamzas2022-reconstruction,
  abstract = {todo},
  author={Chamzas*, Constantinos and Lippi*, Martina and Welle*, Michael C. and Varava, Anastasia and Kavraki, Lydia E and Kragic, Danica},
  booktitle= iros, 
  title={Comparing reconstruction-and contrastive-based models for visual task planning},
  note ={(Submitted)}, 
  year = {2022},
  pdf={todo.pdf}, 
  abbr={ICRA},
  bibtex_show={true}
}

@inproceedings{sornet,
  title={SORNet: Spatial Object-Centric Representations for Sequential Manipulation},
  author={Yuan, Wentao and Paxton, Chris and Desingh, Karthik and Fox, Dieter},
  booktitle= {Conference on Robotic Learning (CORL)},
  year={2021}
}

@inproceedings{reactive,
      title={{Reactive Long Horizon Task Execution via Visual Skill and Precondition Models}}, 
      author={Shohin Mukherjee and Chris Paxton and Arsalan Mousavian and Adam Fishman and Maxim Likhachev and Dieter Fox},
      year={2021},
      booktitle= iros,
}


@article{structformer,
  title={{Structformer: Joint unsupervised induction of dependency and constituency structure from masked language modeling}},
  author={Shen, Yikang and Tay, Yi and Zheng, Che and Bahri, Dara and Metzler, Donald and Courville, Aaron},
  journal={arXiv preprint arXiv:2012.00857},
  year={2020}
}

@article{nerp,
  title={{NeRP: Neural Rearrangement Planning for Unknown Objects}},
  author={Qureshi, Ahmed H and Mousavian, Arsalan and Paxton, Chris and Yip, Michael C and Fox, Dieter},
  journal={arXiv preprint arXiv:2106.01352},
  year={2021}
}


