---
---

@String { icra   = {IEEE International Conference on Robotics and Automation}}
@String { iros   = {IEEE/RSJ International Conference on Intelligent Robots and Systems}}
@String { iral   = {IEEE Robotics and Automation Letters}}

@inproceedings{chamzas2022-motionbenchmaker,
  abstract = {todo},
  author = {Chamzas, Constantinos and Kingston, Zachary and Quintero-Pe{\~n}a, Carlos and Orthey, Andreas and Rakita, Daniel and Gleicher, Michael and Toussaint, Marc and E. Kavraki, Lydia},
  booktitle = iral, 
  title = {{MotionBenchMaker: A Tool to Generate and Benchmark Motion Planning Datasets}},
  note ={(Accepted)} 
  year = {2022},
  pdf={todo.pdf}, 
  abbr={RAL},
  bibtex_show={true}
}

@inproceedings{chamzas2022-reconstruction,
  abstract = {todo},
  author={Chamzas*, Constantinos and Lippi*, Martina and Welle*, Michael C and Varava, Anastasia and Kavraki, Lydia E and Kragic, Danica},
  booktitle= iros, 
  title={Comparing reconstruction-and contrastive-based models for visual task planning},
  note ={(Submitted)} 
  year={2022}
  year = {2022},
  pdf={todo.pdf}, 
  abbr={ICRA},
  bibtex_show={true}
}
